@misc{chatbot,
	title = {Sentiment Analysis through a Chatbot},
	author = {Alexander Espronceda Gómez},
	note = {A la fecha de redacción de este poster, éste paper sigue en proceso.},
	url = {https://github.com/Alex-Ego/Affective-Computing-VN}
}

@misc{python,
  author = {{Python Software Foundation}},
  year = 2021,
  title = {python},
  url = {https://www.python.org/}
}

@misc{tensorflow,
  author = {{Google Brain Team}},
  year = 2019,
  title = {tensorflow},
  url = {https://www.tensorflow.org/}
}

@misc{nltk,
  author = {{Team NLTK}},
  year = 2021,
  title = {Natural Language Processor Toolkit},
  url = {https://www.nltk.org/}
}

@article{gpt3,
	author= {{Amol Mavuduru}},
	journal = {Towards Data Science},
	year = 2021,
	month = 02,
	title= {What is GPT-3 and why is it so powerful?},
	url = {https://towardsdatascience.com/what-is-gpt-3-and-why-is-it-so-powerful-21ea1ba59811}
}

@misc{openai,
	author = {{OpenAI}},
	year = 2020,
	title = {OpenAI API},
	url = {https://openai.com/blog/openai-api/}
}

@article{state-art,
  title={Main concepts, state of the art and future research questions in sentiment analysis},
  author={Appel, Orestes and Chiclana, Francisco and Carter, Jenny},
  journal={Acta Polytechnica Hungarica},
  volume={12},
  number={3},
  pages={89--91},
  year={2015},
  publisher={Obuda University}
}

@article{liu,
author = {Liu, Bing},
year = {2010},
month = {01},
pages = {},
title = {Sentiment Analysis: A Multi-Faceted Problem},
volume = {25},
journal = {IEEE Intell Syst}
}

@article{Kumar-Sebastian,
author = {Kumar, Akshi and Sebastian, Teeja},
year = {2012},
month = {09},
pages = {},
title = {Sentiment Analysis: A Perspective on its Past, Present and Future},
volume = {4},
journal = {International Journal of Intelligent Systems and Applications},
doi = {10.5815/ijisa.2012.10.01}
}

@inbook{Dale,
author = {Dale, R.},
year = {2010},
month = {01},
pages = {3-8},
title = {Classical approaches to natural language processing},
journal = {Handbook of Natural Language Processing, Second Edition}
}
